A29999                SAAE                889MOTO PECAS DEUS E FI2021060300000503
G CAIXA: 889         202106032021060382600000000161305650320211400500512120210531000000001613000000000000001889     
G CAIXA: 889         202106032021060382650000000161305651220201400501316020210108000000001613000000000000002889     
G CAIXA: 889         202106032021060382680000000161305650320211400501316020210531000000001613000000000000003889     
Z00001100000000000017743
