A29999                SAAE                889MOTO PECAS DEUS E FI2021060400000603
G CAIXA: 889         202106042021060482690000000161305650320211400501233920210531000000001613000000000000001889     
G CAIXA: 889         202106042021060482680000000161305650320211400500502320210531000000001613000000000000002889     
G CAIXA: 889         202106042021060482660000000161305650220211400500502320210330000000001613000000000000003889     
G CAIXA: 889         202106042021060482610000000161305650320211400500528620210531000000001613000000000000004889     
G CAIXA: 889         202106042021060482690000000161305650320211400500503220210531000000001613000000000000005889     
G CAIXA: 889         202106042021060482640000000161305650320211400501106420210531000000001613000000000000006889     
G CAIXA: 889         202106042021060482670000000161305650320211400501662520210531000000001613000000000000007889     
Z00000700000000000011291
