A29999                SAAE                889MOTO PECAS DEUS E FI2021060300000503
G CAIXA: 889         202106032021060382600000000161305650320211400500512120210531000000001613000000000000001889     
G CAIXA: 889         202106032021060382650000000161305651220201400501316020210108000000001613000000000000002889     
G CAIXA: 889         202106032021060382680000000161305650320211400501316020210531000000001613000000000000003889     
G CAIXA: 889         202106032021060382660000000161305650320211400500540120210531000000001613000000000000004889     
G CAIXA: 889         202106032021060382690000000161305650320211400500553620210531000000001613000000000000005889     
G CAIXA: 889         202106032021060382690000000161305650220211400500512520210330000000001613000000000000006889     
G CAIXA: 889         202106032021060382610000000161305650320211400500512520210531000000001613000000000000007889     
G CAIXA: 889         202106032021060382660000000161305650320211400501581020210531000000001613000000000000008889     
G CAIXA: 889         202106032021060382650000000161305650320211400500557620210531000000001613000000000000009889     
G CAIXA: 889         202106032021060382640000000161305650320211400501503820210531000000001613000000000000010889     
G CAIXA: 889         202106032021060382620000000161305650320211400500512020210531000000001613000000000000011889     
Z00001100000000000017743
