A29999                SAAE                889MOTO PECAS DEUS E FI2021060200000403
G CAIXA: 889         202106022021060282610000000161305650320211400501722720210531000000001613000000000000001889     
G CAIXA: 889         202106022021060282690000000161305650320211400500512620210531000000001613000000000000002889     
G CAIXA: 889         202106022021060282660000000161305650320211400500530220210531000000001613000000000000003889     
Z00000300000000000004839
